@book{asimov_akinyemi_2000, place={Oxford}, title={I, robot}, publisher={University Press}, author={Asimov, Isaac and Akinyemi, Rowena}, year={2000}}

@techreport{tay,
author = {Neff, Gina and Nagy, Peter},
year = {2016},
month = {10},
pages = {4915-4931},
title = {Talking to Bots: Symbiotic Agency and the Case of Tay},
volume = {10},
journal = {International Journal of Communication}
}

@techreport{chatpgt-teach,
author = {Opara, Emmanuel},
year = {2023},
month = {01},
pages = {},
title = {Chatgpt for teaching, learning and research: prospects and challenges},
doi = {10.13140/RG.2.2.21304.42244/1}
}

@techreport{chatgpt-detect,
author = {Shijaku, Rexhep and Canhasi, Ercan},
year = {2023},
month = {01},
pages = {},
title = {ChatGPT Generated Text Detection},
doi = {10.13140/RG.2.2.21317.52960}
}

@techreport{face_detect_bias,
author = {Mittal, Surbhi and Thakral, Kartik and Majumdar, Puspita and Vatsa, Mayank and Singh, Richa},
year = {2022},
month = {11},
pages = {},
title = {Are Face Detection Models Biased?},
doi = {10.48550/arXiv.2211.03588}
}

@techreport{face_detect_disparity,
author = {Dooley, Samuel and Wei, George and Goldstein, Tom and Dickerson, John},
year = {2022},
month = {11},
pages = {},
title = {Robustness Disparities in Face Detection},
doi = {10.48550/arXiv.2211.15937}
}

@inbook{face_detect_cnn,
author = {Pandey, Abhishek and Prasad, Deepak and Reddy, K. and Venkatesh, K. and Chand, Ajay and Nath, Vijay},
year = {2023},
month = {01},
pages = {673-679},
title = {Face Detection Using Convolutional Neural Network},
isbn = {978-981-19-1905-3},
doi = {10.1007/978-981-19-1906-0_55}
}

@article{opencv_face_detect,
author = {Manikandan, J. and Prathyusha, S. and Kumar, P. and Chandra, Y. and Hanuman, M.},
year = {2020},
month = {01},
pages = {1204-1208},
title = {Face Detection and Recognition using Open CV Based on Fisher Faces Algorithm},
volume = {8},
journal = {International Journal of Recent Technology and Engineering (IJRTE)},
doi = {10.35940/ijrte.E5735.018520}
}

@inbook{ai_eco_impact,
author = {Echeberria, Ana},
year = {2022},
month = {01},
pages = {67-96},
title = {The Impact of AI on Business, Economics and Innovation},
isbn = {978-3-030-88240-2},
doi = {10.1007/978-3-030-88241-9_3}
}

@article{microsoft_buy_openai,
author = {Derek Saul},
year = {2023},
month = {01},
journal = {Forbes},
title = {Microsoft Reportedly Closing In On \$10 Billion Investment Into ChatGPT Creator OpenAI},
url = {https://www.forbes.com/sites/dereksaul/2023/01/10/microsoft-reportedly-closing-in-on-10-billion-investment-into-chatgpt-creator-openai/}
}

@inproceedings{captcha_recognition,
author = {Goswami, Gaurav and Singh, Richa and Vatsa, Mayank and Powell, Brian and Noore, Afzel},
year = {2012},
month = {09},
pages = {412-417},
title = {Face recognition CAPTCHA},
isbn = {978-1-4673-1384-1},
journal = {2012 IEEE 5th International Conference on Biometrics: Theory, Applications and Systems, BTAS 2012},
doi = {10.1109/BTAS.2012.6374608},
}

@techreport{captcha_original,
author = {Reshef, Eran and Raanan, Gil and Solan, Eilon},
title = {Method and system for discriminating a human action from a computerized action},
year = {2005},
month = {05},
}

@inbook{gender_classify_children,
author = {Ram, Sumithra and Guru, Devanur and Aradhya, Manjunath},
year = {2023},
month = {01},
pages = {213-228},
title = {Face Image-Based Gender Classification of Children},
isbn = {978-3-031-22404-1},
doi = {10.1007/978-3-031-22405-8_17}
}

@inbook{gender_classify_facehop,
author = {Rouhsedaghat, Mozhdeh and Wang, Yifan and Ge, Xiou and Hu, Shuowen and You, Suya and Kuo, C.},
year = {2021},
month = {02},
pages = {169-183},
title = {FaceHop: A Light-Weight Low-Resolution Face Gender Classification Method},
isbn = {978-3-030-68792-2},
doi = {10.1007/978-3-030-68793-9_12}
}

@article{emotion_detection_perceived,
author = {Guarin, Diego and Dusseldorp, Joseph},
year = {2019},
month = {07},
pages = {},
title = {In the Eye of the Beholder: Changes in Perceived Emotion Expression after Smile Reanimation},
journal = {Plastic and reconstructive surgery (1946)},
doi = {10.1097/PRS.0000000000005865}
}

@article{face_reading,
author = {Kumar, Pawan},
year = {2022},
month = {12},
pages = {},
title = {Face Reading with AI (Artificial Intelligence)}
}

@article{face_recognition_svm,
author = {Al-Dabagh, Mustafa and Rashid, Salar and Ahmad, Muhammad},
year = {2020},
month = {07},
pages = {},
title = {Face Recognition System Based on Wavelet Transform, Histograms of Oriented Gradients and Support Vector Machine},
volume = {10}
}

@article{app_svm,
author = {Jun, Zhao},
year = {2021},
month = {01},
pages = {052006},
title = {The Development and Application of Support Vector Machine},
volume = {1748},
journal = {Journal of Physics: Conference Series},
doi = {10.1088/1742-6596/1748/5/052006}
}

@inproceedings{thermal_cnn,
author = {Vukovic, Tijana and Petrovic, Ranko and Pavlovic, Milos and Stankovic, Srdan},
year = {2019},
month = {11},
pages = {1-4},
title = {Thermal Image Degradation Influence on R-CNN Face Detection Performance},
doi = {10.1109/TELFOR48224.2019.8971128}
}

@inbook{cv_cancer,
author = {Khan, Zuber and Shubham, Tanay and Arya, Ravi Kumar},
year = {2022},
month = {04},
pages = {3-11},
title = {Skin Cancer Detection Using Computer Vision},
doi = {10.1007/978-981-19-0745-6_1}
}

@article{cv_robotics,
author = {Talpes, Emil and Gorti, Atchyuth and Sachdev, Gagandeep and Das Sarma, Debjit and Venkataramanan, Ganesh and Bannon, Peter and McGee, Bill and Floering, Benjamin and Jalote, Ankit and Hsiong, Chris and Arora, Sahil},
year = {2020},
month = {02},
pages = {1-1},
title = {Compute Solution for Tesla's Full Self Driving Computer},
volume = {PP},
journal = {IEEE Micro},
doi = {10.1109/MM.2020.2975764}
}

@article{recognition_algos,
author = {Paul, Sanmoy and Acharya, Sameer Kumar},
title = {A Comparative Study on Facial Recognition Algorithms},
month = {12},
year = {2020},
journal = {First Pan IIT International Management Conference},
url = {http://dx.doi.org/10.2139/ssrn.3753064}
}